<?xml version="1.0" encoding="UTF-8"?><collection xmlns="http://www.loc.gov/MARC21/slim"><record><leader>00680nam--2200205-u-4500</leader><controlfield tag="001">000053377</controlfield><controlfield tag="002">20161230</controlfield><controlfield tag="005">20161230201051</controlfield><controlfield tag="008">110321s1000------------r-----000-0-eng-d</controlfield><datafield ind1=" " ind2=" " tag="020"><subfield code="a">9295003020</subfield></datafield><datafield ind1=" " ind2=" " tag="040"><subfield code="a">IFIN-HH</subfield></datafield><datafield ind1=" " ind2=" " tag="080"><subfield code="a">530.1</subfield></datafield><datafield ind1="1" ind2=" " tag="100"><subfield code="a">Senjanovic, G</subfield></datafield><datafield ind1="1" ind2="0" tag="245"><subfield code="a">Astroparticle physics and cosmology</subfield><subfield code="b">Summer school astroparticle physics and cosmology; 12-30 june 2000</subfield><subfield code="c">G. senjanovic; a. smirnov; g. thompson (eds.)</subfield></datafield><datafield ind1=" " ind2=" " tag="260"><subfield code="a">Tieste, Italy</subfield><subfield code="b">The Abdus Salam International Centre For Theoretical Physics</subfield><subfield code="c">2001</subfield></datafield><datafield ind1=" " ind2=" " tag="300"><subfield code="a">354P</subfield></datafield><datafield ind1=" " ind2=" " tag="490"><subfield code="a">Ictp Lecture Notes</subfield><subfield code="v">Vol. 4</subfield></datafield><datafield ind1="1" ind2=" " tag="700"><subfield code="a">Thompson, G</subfield><subfield code="e">Ed</subfield></datafield><datafield ind1=" " ind2=" " tag="852"><subfield code="a">81290</subfield><subfield code="c">530.1</subfield></datafield><datafield ind1=" " ind2=" " tag="CAT"><subfield code="a">Sys</subfield><subfield code="c">20110321</subfield><subfield code="h">162631</subfield></datafield></record></collection>